[gd_scene load_steps=23 format=2]

[ext_resource path="res://Prefab/Unit/Player/Priest/Priest.png" type="Texture" id=1]
[ext_resource path="res://Prefab/Unit/Player/Priest/Priest.gd" type="Script" id=2]
[ext_resource path="res://Prefab/Unit/Canvas/Bar.tscn" type="PackedScene" id=3]
[ext_resource path="res://Prefab/Unit/Player/Priest/Skill/Lightning.tscn" type="PackedScene" id=4]
[ext_resource path="res://Prefab/Buff/BuffManager.tscn" type="PackedScene" id=5]
[ext_resource path="res://Prefab/Unit/Player/Priest/Skill/Cleanse.tscn" type="PackedScene" id=6]
[ext_resource path="res://Prefab/Unit/Player/Priest/Skill/StoneSpike.tscn" type="PackedScene" id=7]
[ext_resource path="res://Prefab/Unit/Player/Priest/Skill/FireBall.tscn" type="PackedScene" id=8]
[ext_resource path="res://Prefab/Unit/Player/Priest/Skill/Heal.tscn" type="PackedScene" id=9]
[ext_resource path="res://Prefab/Unit/Player/Priest/Skill/ArcaneShoot.tscn" type="PackedScene" id=10]
[ext_resource path="res://Prefab/Skill/Buff/Variant/DefenseBoost.tscn" type="PackedScene" id=11]
[ext_resource path="res://Prefab/Skill/Buff/Variant/SpeedBoost.tscn" type="PackedScene" id=12]
[ext_resource path="res://Prefab/Skill/Buff/Variant/AttackBoost.tscn" type="PackedScene" id=13]
[ext_resource path="res://Prefab/Skill/Buff/Variant/AttackBreak.tscn" type="PackedScene" id=14]
[ext_resource path="res://Prefab/Skill/Buff/Variant/Stun.tscn" type="PackedScene" id=15]
[ext_resource path="res://Prefab/Skill/Buff/Variant/DefenseBreak.tscn" type="PackedScene" id=16]
[ext_resource path="res://Prefab/Skill/Buff/Variant/Wound.tscn" type="PackedScene" id=17]
[ext_resource path="res://Prefab/Skill/Buff/Variant/Slow.tscn" type="PackedScene" id=18]
[ext_resource path="res://Prefab/Canvas/StatusText/StatusTextGenerator.tscn" type="PackedScene" id=19]
[ext_resource path="res://Assets/Sound/damage01.wav" type="AudioStream" id=21]
[ext_resource path="res://Assets/Sound/kaifuku.wav" type="AudioStream" id=22]

[sub_resource type="CapsuleShape2D" id=1]
radius = 30.7706
height = 43.6401

[node name="Priest" type="Node2D" groups=[
"Player",
]]
script = ExtResource( 2 )
skills = [ NodePath("Skills/ArcanaShoot"), NodePath("Skills/Heal"), NodePath("Skills/Cleanse"), NodePath("Skills/FireBall"), NodePath("Skills/Lightning"), NodePath("Skills/StoneSpike") ]

[node name="Sprite" type="Sprite" parent="."]
position = Vector2( -54.0326, -54.2593 )
scale = Vector2( 0.415864, 0.479813 )
texture = ExtResource( 1 )

[node name="Bar" parent="." instance=ExtResource( 3 )]

[node name="Area2D" type="Area2D" parent="."]

[node name="CollisionShape2D" type="CollisionShape2D" parent="Area2D"]
position = Vector2( -50.7141, -54.389 )
shape = SubResource( 1 )

[node name="Skills" type="Node2D" parent="."]

[node name="ArcanaShoot" parent="Skills" instance=ExtResource( 10 )]

[node name="Cleanse" parent="Skills" instance=ExtResource( 6 )]

[node name="FireBall" parent="Skills" instance=ExtResource( 8 )]

[node name="Heal" parent="Skills" instance=ExtResource( 9 )]

[node name="Lightning" parent="Skills" instance=ExtResource( 4 )]

[node name="StoneSpike" parent="Skills" instance=ExtResource( 7 )]

[node name="BuffManager" parent="." instance=ExtResource( 5 )]
buffDictionary = {
"Attack Boost": [ 0, ExtResource( 13 ), null ],
"Attack Break": [ 0, ExtResource( 14 ), null ],
"Defense Boost": [ 0, ExtResource( 11 ), null ],
"Defense Break": [ 0, ExtResource( 16 ), null ],
"Slow": [ 0, ExtResource( 18 ), null ],
"Speed Up": [ 0, ExtResource( 12 ), null ],
"Stun": [ 0, ExtResource( 15 ), null ],
"Wound": [ 0, ExtResource( 17 ), null ]
}

[node name="STGenerator" parent="." instance=ExtResource( 19 )]
position = Vector2( -15.3175, -38.5978 )

[node name="Audio" type="Node2D" parent="."]

[node name="Hit" type="AudioStreamPlayer" parent="Audio"]
stream = ExtResource( 21 )
volume_db = -10.0

[node name="Heal" type="AudioStreamPlayer" parent="Audio"]
stream = ExtResource( 22 )
volume_db = -10.0
